@book{meyer,
author = "Kenneth Ray Meyer",
title = {Introduction to Hamiltonian Dynamical Systems and the n-body Problem},
publisher = {Springer Science and Business Media},
year = {2009}
}